@article{Attention,
  author    = {Ashish Vaswani and
               Noam Shazeer and
               Niki Parmar and
               Jakob Uszkoreit and
               Llion Jones and
               Aidan N. Gomez and
               Lukasz Kaiser and
               Illia Polosukhin},
  title     = {Attention Is All You Need},
  journal   = {CoRR},
  volume    = {abs/1706.03762},
  year      = {2017},
  url       = {http://arxiv.org/abs/1706.03762},
  eprinttype = {arXiv},
  eprint    = {1706.03762},
  timestamp = {Sat, 23 Jan 2021 01:20:40 +0100},
  biburl    = {https://dblp.org/rec/journals/corr/VaswaniSPUJGKP17.bib},
  bibsource = {dblp computer science bibliography, https://dblp.org},
}

@article{D2l,
  author    = {Aston Zhang and
               Zachary C. Lipton and
               Mu Li and
               Alexander J. Smola},
  title     = {Dive into Deep Learning},
  journal   = {CoRR},
  volume    = {abs/2106.11342},
  year      = {2021},
  url       = {https://arxiv.org/abs/2106.11342},
  eprinttype = {arXiv},
  eprint    = {2106.11342},
  timestamp = {Wed, 30 Jun 2021 16:14:10 +0200},
  biburl    = {https://dblp.org/rec/journals/corr/abs-2106-11342.bib},
  bibsource = {dblp computer science bibliography, https://dblp.org}
}

@article{UNet,
  author    = {Ozan Oktay and
               Jo Schlemper and
               Lo{\"{\i}}c Le Folgoc and
               Matthew C. H. Lee and
               Mattias P. Heinrich and
               Kazunari Misawa and
               Kensaku Mori and
               Steven G. McDonagh and
               Nils Y. Hammerla and
               Bernhard Kainz and
               Ben Glocker and
               Daniel Rueckert},
  title     = {Attention U-Net: Learning Where to Look for the Pancreas},
  journal   = {CoRR},
  volume    = {abs/1804.03999},
  year      = {2018},
  url       = {http://arxiv.org/abs/1804.03999},
  eprinttype = {arXiv},
  eprint    = {1804.03999},
  timestamp = {Tue, 17 Sep 2019 14:15:15 +0200},
  biburl    = {https://dblp.org/rec/journals/corr/abs-1804-03999.bib},
  bibsource = {dblp computer science bibliography, https://dblp.org}
}

@article{GNN,
  author    = {Peter W. Battaglia and
               Jessica B. Hamrick and
               Victor Bapst and
               Alvaro Sanchez{-}Gonzalez and
               Vin{\'{\i}}cius Flores Zambaldi and
               Mateusz Malinowski and
               Andrea Tacchetti and
               David Raposo and
               Adam Santoro and
               Ryan Faulkner and
               {\c{C}}aglar G{\"{u}}l{\c{c}}ehre and
               H. Francis Song and
               Andrew J. Ballard and
               Justin Gilmer and
               George E. Dahl and
               Ashish Vaswani and
               Kelsey R. Allen and
               Charles Nash and
               Victoria Langston and
               Chris Dyer and
               Nicolas Heess and
               Daan Wierstra and
               Pushmeet Kohli and
               Matthew M. Botvinick and
               Oriol Vinyals and
               Yujia Li and
               Razvan Pascanu},
  title     = {Relational inductive biases, deep learning, and graph networks},
  journal   = {CoRR},
  volume    = {abs/1806.01261},
  year      = {2018},
  url       = {http://arxiv.org/abs/1806.01261},
  eprinttype = {arXiv},
  eprint    = {1806.01261},
  timestamp = {Wed, 20 Apr 2022 09:58:19 +0200},
  biburl    = {https://dblp.org/rec/journals/corr/abs-1806-01261.bib},
  bibsource = {dblp computer science bibliography, https://dblp.org}
}



@article{VIT,
  author    = {Alexey Dosovitskiy and
               Lucas Beyer and
               Alexander Kolesnikov and
               Dirk Weissenborn and
               Xiaohua Zhai and
               Thomas Unterthiner and
               Mostafa Dehghani and
               Matthias Minderer and
               Georg Heigold and
               Sylvain Gelly and
               Jakob Uszkoreit and
               Neil Houlsby},
  title     = {An Image is Worth 16x16 Words: Transformers for Image Recognition
               at Scale},
  journal   = {CoRR},
  volume    = {abs/2010.11929},
  year      = {2020},
  url       = {https://arxiv.org/abs/2010.11929},
  eprinttype = {arXiv},
  eprint    = {2010.11929},
  timestamp = {Fri, 20 Nov 2020 14:04:05 +0100},
  biburl    = {https://dblp.org/rec/journals/corr/abs-2010-11929.bib},
  bibsource = {dblp computer science bibliography, https://dblp.org}
}