@article{arcface,
  author    = {Jiankang Deng and
               Jia Guo and
               Stefanos Zafeiriou},
  title     = {ArcFace: Additive Angular Margin Loss for Deep Face Recognition},
  journal   = {CoRR},
  volume    = {abs/1801.07698},
  year      = {2018},
  url       = {http://arxiv.org/abs/1801.07698},
  eprinttype = {arXiv},
  eprint    = {1801.07698},
  timestamp = {Mon, 13 Aug 2018 16:46:52 +0200},
  biburl    = {https://dblp.org/rec/journals/corr/abs-1801-07698.bib},
  bibsource = {dblp computer science bibliography, https://dblp.org}
}