@article{TransUNet,
  author    = {Jieneng Chen and
               Yongyi Lu and
               Qihang Yu and
               Xiangde Luo and
               Ehsan Adeli and
               Yan Wang and
               Le Lu and
               Alan L. Yuille and
               Yuyin Zhou},
  title     = {TransUNet: Transformers Make Strong Encoders for Medical Image Segmentation},
  journal   = {CoRR},
  volume    = {abs/2102.04306},
  year      = {2021},
  url       = {https://arxiv.org/abs/2102.04306},
  eprinttype = {arXiv},
  eprint    = {2102.04306},
  timestamp = {Mon, 12 Apr 2021 14:40:33 +0200},
  biburl    = {https://dblp.org/rec/journals/corr/abs-2102-04306.bib},
  bibsource = {dblp computer science bibliography, https://dblp.org}
}